% Historical and Foundational

@article{mcculloch1943logical,
  title={A logical calculus of the ideas immanent in nervous activity},
  author={McCulloch, Warren S and Pitts, Walter},
  journal={The bulletin of mathematical biophysics},
  volume={5},
  number={4},
  pages={115--133},
  year={1943},
  publisher={Springer}
}

@book{hebb1949organization,
  title={The organization of behavior: A neuropsychological theory},
  author={Hebb, Donald Olding},
  year={1949},
  publisher={Wiley}
}

@article{rosenblatt1958perceptron,
  title={The perceptron: a probabilistic model for information storage and organization in the brain},
  author={Rosenblatt, Frank},
  journal={Psychological review},
  volume={65},
  number={6},
  pages={386},
  year={1958},
  publisher={American Psychological Association}
}

@book{minsky1969perceptrons,
  title={Perceptrons: An introduction to computational geometry},
  author={Minsky, Marvin and Papert, Seymour},
  year={1969},
  publisher={MIT press}
}

@article{rumelhart1986learning,
  title={Learning representations by back-propagating errors},
  author={Rumelhart, David E and Hinton, Geoffrey E and Williams, Ronald J},
  journal={Nature},
  volume={323},
  number={6088},
  pages={533--536},
  year={1986},
  publisher={Nature Publishing Group}
}

@book{mcclelland1986parallel,
  title={Parallel distributed processing: Explorations in the microstructure of cognition, vol. 2},
  author={McClelland, James L and Rumelhart, David E and PDP Research Group},
  year={1986},
  publisher={MIT press}
}

% Deep Learning and Neuroscience

@article{lecun2015deep,
  title={Deep learning},
  author={LeCun, Yann and Bengio, Yoshua and Hinton, Geoffrey},
  journal={Nature},
  volume={521},
  number={7553},
  pages={436--444},
  year={2015},
  publisher={Nature Publishing Group}
}

@article{yamins2016using,
  title={Using goal-driven deep learning models to understand sensory cortex},
  author={Yamins, Daniel L and DiCarlo, James J},
  journal={Nature neuroscience},
  volume={19},
  number={3},
  pages={356--365},
  year={2016},
  publisher={Nature Publishing Group}
}

@article{kriegeskorte2018cognitive,
  title={Cognitive computational neuroscience},
  author={Kriegeskorte, Nikolaus and Douglas, Pamela K},
  journal={Nature Neuroscience},
  volume={21},
  number={9},
  pages={1148--1160},
  year={2018},
  publisher={Nature Publishing Group}
}

@article{richards2019deep,
  title={A deep learning framework for neuroscience},
  author={Richards, Blake A and Lillicrap, Timothy P and Beaudoin, Philippe and Bengio, Yoshua and Bogacz, Rafal and Christensen, Amelia and Clopath, Claudia and Costa, Rui Ponte and de Berker, Archy and Ganguli, Surya and Gillon, Colleen J and Hafner, Danijar and Kepecs, Adam and Kording, Konrad P and others},
  journal={Nature neuroscience},
  volume={22},
  number={11},
  pages={1761--1770},
  year={2019},
  publisher={Nature Publishing Group}
}

@article{savage2019how,
  title={How AI is helping to explain the brain},
  author={Savage, Neil},
  journal={Nature},
  volume={571},
  number={7766},
  pages={S16--S18},
  year={2019},
  publisher={Nature Publishing Group}
}

% Interpretable AI (XAI)

@inproceedings{ribeiro2016why,
  title={"Why should I trust you?": Explaining the predictions of any classifier},
  author={Ribeiro, Marco Tulio and Singh, Sameer and Guestrin, Carlos},
  booktitle={Proceedings of the 22nd ACM SIGKDD international conference on knowledge discovery and data mining},
  pages={1135--1144},
  year={2016}
}

@inproceedings{lundberg2017unified,
  title={A unified approach to interpreting model predictions},
  author={Lundberg, Scott M and Lee, Su-In},
  booktitle={Advances in neural information processing systems},
  pages={4765--4774},
  year={2017}
}

@article{olah2018building,
  title={The building blocks of interpretability},
  author={Olah, Chris and Satyanarayan, Arvind and Johnson, Ian and Carter, Shan and Schubert, Ludwig and Ye, Katherine and Mordvintsev, Alexander},
  journal={Distill},
  volume={3},
  number={3},
  pages={e10},
  year={2018}
}

@article{doshi2017towards,
  title={Towards a rigorous science of interpretable machine learning},
  author={Doshi-Velez, Finale and Kim, Been},
  journal={arXiv preprint arXiv:1702.08608},
  year={2017}
}

@article{miller2019explanation,
  title={Explanation in artificial intelligence: Insights from the social sciences},
  author={Miller, Tim},
  journal={Artificial Intelligence},
  volume={267},
  pages={1--38},
  year={2019},
  publisher={Elsevier}
}

% XAI for Neuroscience

@article{mcclure2024how,
  title={How to compare representations in brains and machines},
  author={McClure, Patrick and Kriegeskorte, Nikolaus},
  journal={bioRxiv},
  pages={2024--01},
  year={2024},
  publisher={Cold Spring Harbor Laboratory}
}

@inproceedings{fong2017interpretable,
  title={Interpretable explanations of black boxes by meaningful perturbation},
  author={Fong, Ruth C and Vedaldi, Andrea},
  booktitle={Proceedings of the IEEE international conference on computer vision},
  pages={3429--3437},
  year={2017}
}

@inproceedings{bau2017network,
  title={Network dissection: Quantifying interpretability of deep visual representations},
  author={Bau, David and Zhou, Bolei and Khosla, Aditya and Oliva, Aude and Torralba, Antonio},
  booktitle={Proceedings of the IEEE conference on computer vision and pattern recognition},
  pages={6541--6549},
  year={2017}
}

@article{schrimpf2020brain,
  title={Brain-Score: A framework for comparing computational models of the brain},
  author={Schrimpf, Martin and Kubilius, Jonas and Hong, Ha and Majaj, Najib J and Rajalingham, Rishi and Issa, Elias B and others},
  journal={bioRxiv},
  year={2020},
  publisher={Cold Spring Harbor Laboratory}
}

@inproceedings{toneva2019interpreting,
  title={Interpreting and improving natural language processing models for neuro-imaging analyses},
  author={Toneva, Mariya and Wehbe, Leila},
  booktitle={Advances in Neural Information Processing Systems},
  pages={14382--14392},
  year={2019}
}

% Large Language Models and Thought Processes

@article{caucheteux2022brains,
  title={Brains and algorithms partially converge in natural language processing},
  author={Caucheteux, Charlotte and King, Jean-R{'e}mi},
  journal={Communications Biology},
  volume={5},
  number={1},
  pages={1--12},
  year={2022},
  publisher={Nature Publishing Group}
}

@article{wei2022chain,
  title={Chain of thought prompting elicits reasoning in large language models},
  author={Wei, Jason and Wang, Xuezhi and Schuurmans, Dale and Bosma, Maarten and Chi, Ed and Le, Quoc and Zhou, Denny},
  journal={arXiv preprint arXiv:2201.11903},
  year={2022}
}

@article{binz2023using,
  title={Using cognitive psychology to understand large language models},
  author={Binz, Marcel and Schulz, Eric},
  journal={Nature Reviews Psychology},
  volume={2},
  number={7},
  pages={385--386},
  year={2023},
  publisher={Nature Publishing Group}
}

@article{mahowald2023dissociating,
  title={Dissociating language and thought in large language models: a cognitive perspective},
  author={Mahowald, Kyle and Ivanova, Anna A and Blank, Idan A and Kanwisher, Nancy and Tenenbaum, Joshua B and Fedorenko, Evelina},
  journal={arXiv preprint arXiv:2301.06627},
  year={2023}
}


% Others

@article{sun2021bursting,
  title={Bursting potentiates the neuro--AI connection},
  author={Sun, Weinan and Zhao, Xinyu and Spruston, Nelson},
  journal={Nature Neuroscience},
  volume={24},
  number={7},
  pages={905--906},
  year={2021},
  issn={1546-1726},
  doi={10.1038/s41593-021-00844-2},
  url={https://doi.org/10.1038/s41593-021-00844-2},
  abstract={For decades, researchers have wondered whether algorithms used by artificial neural networks might be implemented by biological networks. Payeur et al. have strengthened the connection between neuroscience and artificial intelligence by showing that biologically plausible mechanisms can approximate key features of an essential artificial intelligence learning algorithm.}
}

@article{guidotti2018survey,
  title={A survey of methods for explaining black box models},
  author={Guidotti, Riccardo and Monreale, Anna and Ruggieri, Salvatore and Turini, Franco and Giannotti, Fosca and Pedreschi, Dino},
  journal={ACM Computing Surveys (CSUR)},
  volume={51},
  number={5},
  pages={1--42},
  year={2018},
  publisher={ACM}
}