@misc{essay1,
  title={MBM Essay 1: Human - From Neural Inspiration to Neural Explanation: The Symbiotic Journey of AI and Neuroscience},
  author={Bruno S치nchez G칩mez}
}

@misc{essay2,
  title={MBM Essay 2: LLM - From Neural Inspiration to Neural Explanation: The Symbiotic Journey of AI and Neuroscience},
  author={Bruno S치nchez G칩mez (content by Gemini 2.5 Pro)}
}